<?xml version="1.0" encoding="UTF-8"?><collection xmlns="http://www.loc.gov/MARC21/slim"><record><leader>00451nam--2200157-i-4500</leader><controlfield tag="001">000041344</controlfield><controlfield tag="002">20161230</controlfield><controlfield tag="005">20161230201043</controlfield><controlfield tag="008">060222s1000------------r-----000-0-eng-d</controlfield><datafield ind1=" " ind2=" " tag="080"><subfield code="a">517.51</subfield></datafield><datafield ind1=" " ind2=" " tag="100"><subfield code="a">Shapiro,Hfarold S</subfield></datafield><datafield ind1=" " ind2=" " tag="245"><subfield code="a">Smoothing and approximation of functions</subfield></datafield><datafield ind1=" " ind2=" " tag="260"><subfield code="a">New York, Van Nostrand Reinhold Co.,1969. Viii + 134p</subfield></datafield><datafield ind1=" " ind2=" " tag="490"><subfield code="a">Van Nostrand Reinhold Math.Studies</subfield></datafield><datafield ind1=" " ind2=" " tag="852"><subfield code="a">33080</subfield><subfield code="c">517.5</subfield></datafield><datafield ind1=" " ind2=" " tag="CAT"><subfield code="a">Sys</subfield><subfield code="c">20080804</subfield><subfield code="h">094036</subfield></datafield></record></collection>